@techreport{armstrong:in2p3-00011404,
  TITLE = {{ATLAS: technical proposal for a general-purpose p p experiment at the large hadron collider at CERN}},
  AUTHOR = {Armstrong, W.W. and Burris, W. and Gingrich, D.M. and Green, P. and Greeniaus, L.G. and Hewlett, J.C. and Holm, L. and McDonald, J.W. and Mullin, S. and Olsen, W.C. and Pinfold, J.L. and Rodning, N. and Schaapman, J. and Soukup, J. and Boos, E. and Pokrovsky, N. and Zhautykov, B. and Bakker, E. and Bobbink, G.J. and Bos, K. and Boterenbrood, H. and Dankers, R.J. and Daum, C. and De Waard, A. and Groenstege, H. and Hartjes, F. and Heubers, W. and Kieft, G.N.M. and Kluit, R. and Linde, F. and Massaro, G.G.G. and Metselaar, J. and Rewiersma, P.A.M. and Schuijlenburg, H. and Tolsma, H. and Udo, F. and Van Den Berg, F.D. and Van Der Graaf, H. and Van Eijk, B. and Vermeulen, J.C. and Werneke, P. and Wilhelm, R. and Aubert, B. and Bazan, A. and Beaugiraud, B. and Boniface, J. and Colas, J. and Girard, C. and Jezequel, S. and Lecoq, J. and Le Flour, T. and Linossier, O. and Moynot, M. and Nicoleau, S. and Riccadonna, X. and Sauvage, G. and Thion, J. and Wingerter-Seez, I. and Zitoun, R. and Zolnierowski, Y. and Berger, E.L. and Blair, R. and Dawson, J. and Fuess, T.A. and Guarino, V. and Hill, N. and Magill, S.R. and May, E.N. and Nodulman, L.J. and Price, L.E. and Proudfoot, J. and Stanek, R. and Underwood, D.G. and Wagner, R.G. and Wicklund, A.B. and Forden, G.E. and Johns, K. and Loch, P. and Rutherfoord, J. and Savin, A. and Shaver, L. and Shupe, M. and Steinberg, J. and De, K. and Gallas, E. and Li, J. and Sawyer, L. and Stephens, R. and White, A. and Dris, M. and Filippas, A. and Fokitis, E. and Gazis, E. and Katsoufis, E. and Maltezos, S. and Papadopoulou, T. and Tzanakos, G.S. and Abdinov, O.B. and Aliev, F.M. and Aliev, R.M. and Khalilzade, F.T. and Mekhdiev, R.R. and Rzaev, H.J. and Usubov, Z.U. and Blanchot, G. and Bosman, M. and Cavalli-Sforza, M. and Chmeissani, M. and Crespo, J.M. and Delfino, M. and Efthymiopoulos, I. and Fernandez, E. and Garrido, L. and Ivanyushenkov, Yu. and Juste, A. and Martinez, M. and Miralles, L. and Orteu, S. and Padilla, C. and Perlas, J.A. and Pacheco, A. and Riu, I. and Ronceux, B. and Sanchez, F. and Teubert, F. and Bintinger, D. and Ciocio, A. and Collins, T. and Dahl, O. and Einsweiler, K. and Gilchriese, M. and Haber, C. and Holland, S. and Kipnis, I. and Lee, R. M. and Milgrome, O. and Millaud, J. and Nygren, D. and Shapiro, M. and Siegrist, J. and Spieler, H. and Trilling, G. and Wright, M. and Beringer, J. and Borer, K. and Hess, M. and Pal, T. and Pretzl, K. and Carney, R.E. and Charlton, D.G. and Dowell, J.D. and Garvey, J. and Homer, R.J. and Jovanovic, P. and Kenyon, I.R. and McMahon, T.J. and O'Neale, S.W. and Rees, D.L. and Staley, R.J. and Watkins, P.M. and Watson, A.T. and Wilson, J.A. and Fischer, P. and Geich-Gimbel, C. and Hilger, E. and Stahl, A. and Wermes, N. and Hazen, E. and Marin, A. and Rohlf, J. and Shank, J. and Simmons, E. and Varner, G. and Whitaker, J.S. and Worstell, W. and Zhou, B. and Behrends, S. and Bensinger, J.R. and Blocker, C. and Cunningham, J. and Kirsch, L.E. and Lamoureux, J. and Wellenstein, H. and Chochula, P. and Hlinka, V. and Janik, R. and Kubinec, P. and Lichard, P. and Luchan, L. and Masarik, J. and Pikna, M. and Povinec, P. and Sitar, B. and Strmen, P. and Szarka, J. and Tokar, S. and Gibbard, B. and Gordeev, A. and Gordon, H. and Graf, N. and Grachev, V. and Kandasamy, A. and Kotcher, J. and Lissauer, D. and Ma, H. and Makowiecki, D. and McCorkle, S. and Murtagh, M.J. and O'Connor, P. and Paige, F. and Polychronakos, V. and Protopopescu, S. and Radeka, V. and Rahm, D.C. and Rescia, S. and Smith, G. and Sondericker, J. and Stephani, D. and Stumer, I. and Takai, H. and Chernyatin, V. and Yu, B. and Arsenescu, R. and Blaj, C. and Boldea, V. and Caprini, I. and Caprini, M. and Constantin, F. and Constantinescu, S. and Corcotoi, I. and Dita, S. and Dita, P. and Legrand, I.C. and Micu, L. and Batley, J.R. and Carter, J.R. and Goodrick, M.J. and Hill, J.C. and Munday, D.J. and Parker, M.A. and Robinson, D. and Wyllie, K.H. and Armitage, J. and Dixit, M. and Dubeau, J. and Estabrooks, P. and Losty, M. and Neuheimer, E. and Oakham, G. and O'Neill, M. and Anghinolfi, F. and Bee, C. and Bergsma, F. and Blum, W. and Bock, R. and Burckhart, H.J. and Campbell, M. and Chevalley, J.L. and Dauvergne, J.P. and Dell'Acqua, A. and Drakoulakos, D. and Dufey, J.P. and Eerola, P. and Ellis, N. and Fabjan, C.W. and Farthouat, P. and Flegel, W. and Franz, A. and Froidevaux, D. and Fuchs, W. and Funk, W. and Gerwig, H. and Gianotti, F. and Gildemeister, O. and Goret, B. and Hatch, M. and Haug, F. and Hauviller, C. and Heijne, E. and Henriques, A. and Hoffmann, H.F. and Jarron, P. and Jenni, P. and Jones, R. and Kantardjian, G. and Klempt, W. and Knobloch, J. and Krischer, W. and Langhans, W. and Lasseur, C. and Lehraus, I. and Lofstedt, B. and Mapelli, L. and Marchioro, A. and McLaren, R.A. and Mornacchi, G. and Nessi, M. and Onions, C. and Poggioli, L. and Poppleton, A. and Poulard, G. and Price, M. and Richter-Was, E. and Roe, S. and Rohrbach, F. and Rosso, E. and Schmid, P. and Schuh, S. and Snoeys, W. and Taylor, B. and Trischuk, E. and Tsesmelis, E. and Vasey, F. and Viehhauser, G. and Voss, R. and Vuillemin, V. and Weilhammer, P. and Wendler, H. and Witzeling, W. and Wotschack, J. and Anderson, K. and Armstrong, R. and Blucher, E. and Evans, H. and Merritt, F. and Pilcher, J. and Sanders, H. and Turcot, A. and Wagner, D. and Ajaltouni, Ziad ZJ and Badaud, F. and Bouhemaid, N. and Brette, P. and Brossard, M. and Chadelas, R. and Chevaleyre, J.C. and Crouau, M. and Daudon, F. and Dugne, J.J. and Michel, B. and Montarou, Gerard and Muanza, G.-S. and Pallin, D. and Plothow-Besch, H. and Poirot, S. and Reinmuth, G. and Says, L. P. and Vazeille, F. and Cartiglia, N. and Cunitz, H. and Dodd, J. and Gara, A. and Leltchouk, M. and Parsons, J. and Seman, M. and Shaevitz, M. and Sippach, W. and Willis, W. and Damgaard, G. and Hansen, J.B. and Hansen, J.D. and Hansen, J.R. and Hansen, P. and Kjaer, N.J. and Moller, R. and Nielsen, B.S. and Arneodo, M. and La Rotonda, L. and Liguori, D. and Schioppa, M. and Susinno, G. and Valdata-Nappi, M. and Blocki, J. and Czermak, A. and Gadomski, S. and Godlewski, J. and Hajduk, Z. and Iwanski, W. and Kaplon, J. and Korcyl, K. and Malecki, P. and Olszowska, J. and Sobala, A. and Dabrowski, W. and Grybos, P. and Idzik, M. and Jagielski, S. and Jelen, K. and Kisielewska, D. and Kowalski, T. and Rulikowska-Zarebska, E. and Andrle, J. and Fuss, J. and Gossling, C. and Lisowski, B. and Rolf, A. and Spiwoks, R. and Stavropoulos, G. and Wunstorf, R. and Aleksandrov, I. and Alekseev, G. and Anosov, V. and Astvatsaturov, A. and Azhgirei, L. and Bannikov, A. and Baranov, S.A. and Borisov, O. and Boyko, I. and Budagov, Yu. and Bychkov, V. and Chelkov, G. and Cheplakov, A. and Chirikov-Zorin, I. and Chlachidze, G. and Dodonov, V. and Feshchenko, A. and Flyagin, V. and Glagolev, V. and Gornushkin, Yu. and Ignatenko, M. and Kazarinov, M. and Kekelidze, V. and Khovansky, N. and Kodes, P. and Kotov, V. and Kovtun, V. and Krivokhizhin, V. and Krumshtein, Z. and Kukhtin, V. and Kulchitsky, Yu. and Ladygin, E. and Lebedev, A. A. and Liba, I. and Lomakin, Yu. and Malyshev, V.L. and Malyukov, S. and Minashvili, I. and Nikolenko, M. and Nozdrin, A. and Obudovsky, V. and Olshevsky, A. and Pantea, D. and Peshekhonov, V. and Pose, R. and Pukhov, O. and Romanov, V. and Rumyantsev, V. and Rusakovich, N. and Salihagic, D. and Savin, I. and Sedykh, Yu. and Senchishin, V. and Semenov, A. and Sisakian, A. and Shchelchkov, A. and Snyatkov, V. and Tkachev, L. and Topilin, N. and Tokmenin, V. and Vertogradov, L. and Vorozhtsov, S. and Yarygin, G. and Fortney, L.R. and Goshaw, A.T. and Lee, A.M. and Oh, S.H. and Robertson, R.J. and Wang, C.H. and Wesson, D. and Candlin, D.J. and Peach, K.J. and Capannesi, G. and Colocci, M. and Giorgetti, E. and Nuti, M. and Palchetti, L. and Pelfer, P.G. and Rosada, A. and Sedda, A.F. and Sottini, S. and Trigari, S. and Ventura, G. and Vinattieri, A. and Bilokon, H. and Chiarella, V. and Curatolo, M. and Esposito, B. and Maccarrone, G. and Pepe-Altarelli, M. and Chen, J. and Ebling, D.G. and Geppert, R. and Goppert, R. and Herten, G. and Irsigler, R. and Kolpin, R. and Landgraf, U. and Lauxtermann, S. and Ludwig, J. and Mohr, W. and Runge, K. and Schafer, F. and Scherberger, G. and Schmid, T. and Webel, M. and Weber, C. and Kawaguti, M. and Tanaka, S. and Bonino, R. and Clark, A.G. and Couyoumtzelis, C. and Kambara, H. and La Marra, D. and Leger, A. and Perrin, E. and Richeux, J.P. and Wu, X. and Barberis, D. and Bozzo, M. and Caso, C. and Dameri, M. and Darbo, G. and Gemme, C. and Morettini, P. and Musico, P. and Osculati, B. and Parodi, F. and Ridolfi, G. and Rossi, L. and Sette, G. and D'Auria, S. and Doyle, A.T. and Flavell, A.J. and Lynch, J.G. and Martin, D.J. and O'Shea, V. and Raine, C. and Saxon, D.H. and Skillicorn, I.O. and Smith, K.M. and Stavrianakou, M. and Collot, J. and Christophorou, G. and De Saintignon, P. and Dzahini, D. and Hostachy, J.Y. and Laborie, G. and Martin, P. and Rey-Campagnolle, M. and Rossetto, O. and Dado, S. and Goldberg, J. and Lupu, N. and Feick, H. and Fretwurst, E. and Lindstrom, G. and Schulz, T. and Feldman, G.J. and Franklin, M.E.B. and Huth, J. and Oliver, J. and Kenney, C.J. and Parker, S.I. and Geweniger, C. and Hanke, P. and Kluge, E.E. and Putzer, A. and Rensch, B. and Tittel, K. and Wunsch, M. and Jalas, P. and Schulman, T. and Asai, M. and Iwata, Y. and Ohsugi, T. and Hanson, G. and Li, Zhenyu and Luehring, F. and Ogren, H. and Rust, D.R. and Girtler, P. and Hortnagl, C. and Kneringer, E. and Kuhn, D. and Rudolph, G. and Lankford, A.J. and Pier, S. and Schmid, B. and Stoker, D. and Arik, E. and Birol, I. and Cicek, Z. and Cuhadar, T. and Mailov, A. and Nurdan, K. and Perdahci, Z. and Unel, G. and Doersing, V. and Erhard, W. and Kammel, P. and Reinsch, A. and Amako, K. and Arai, Y. and Fujii, H. and Ikeno, M. and Iwasaki, H. and Kanzaki, J. and Kohriki, T. and Kondo, T. and Manabe, A. and Morita, Y. and Nomachi, M. and Ohska, T.K. and Sasaki, O. and Terada, S. and Unno, Y. and Watase, Y. and Yamamoto, A. and Yasu, Y. and Kawagoe, K. and Nozaki, M. and Takeda, H. and Ban, J. and Bruncko, D. and Ferencei, J. and Jusko, A. and Kladiva, E. and Kurca, T. and Strizenec, P. and Takashima, R. and Brodbeck, T.J. and Hughes, G.H. and Komorowski, T. and Henderson, R.C.W. and Ratoff, P.N. and Sloan, T. and Cesaroni, F. and Creti, P. and Gorini, E. and Grancagnolo, F. and Palamara, O. and Panareo, M. and Petrera, S. and Primavera, M. and Amorim, A. and Barreira, G. and Carvalho, J. and David, M. and Gomes, A. and Gomes, J. and Gomes, P. and Mota, M. and Maio, A. and Maneira, M. and Onofre, A. and Pinhao, J. and Wolters, H. and Allport, P.P. and Biagi, S.F. and Booth, P.S.L. and Bowcock, T.J.V. and Carroll, L.J. and Cooke, P.A. and Houlden, M.A. and Forbes, K. and Greenall, A. and Jackson, J.N. and Jones, T.J. and King, B.T. and McMahon, S.J. and Moreton, A. and Richardson, J.D. and Smith, N.A. and Sutcliffe, P. and Turner, P.R. and Tzamarias, S.E. and Wormald, M. and Beck, G.A. and Carter, A.A. and Eisenhandler, E.F. and Kyberd, P. and Landon, M. and Lloyd, S.L. and Martin, A.J. and Pentney, J.M. and Pritchard, T.W. and Thompson, Graham. and Blair, G.A. and Green, B.J. and Medcalf, T. and Mir, L.M. and Strong, J.A. and Bignall, P. and Clarke, P. and Cranfield, R. and Crone, G. and Esten, M. and Jones, T. and Lane, J. and Sherwood, P. and Akesson, T. and Almehed, S. and Carling, H. and Danielsson, H. and Egede, U. and Hedberg, V. and Ivarsson, J. and Jarlskog, G. and Lorstad, B. and Lundberg, B. and Mjornmark, U. and Thulesius, M. and Barreiro, F. and Hervas, L. and Labarga, L. and Del Peso, J. and Buchholz, P. and Kopke, L. and Kleinknecht, K. and Merle, K. and Renk, B. and Duerdoth, I.P. and Dunne, P.W. and Finnegan, P.F. and Foster, J.M. and Freestone, J. and Gilbert, S.D. and Hughes-Jones, R.E. and Ibbotson, M. and Kolya, S.D. and Loebinger, F.K. and Lumb, N. and Marshall, R. and Snow, S. and Mercer, D. and Thompson, R.J. and Kugel, A. and Ludvig, J. and Manner, R. and Noffz, K.H. and Zoz, R. and Basa, S. and Blanquart, L. and Bonzom, V. and Calzas, A. and Chekhtman, A. and Clemens, J.C. and Cohen-Solal, M. and Cousinou, M.C. and Dargent, P. and Delpierre, P. and Dinkespiler, B. and Duval, P.Y. and Etienne, F. and Fallou, A. and Fassnacht, P. and Ferrato, D. and Fouchez, D. and Gally, Y. and Grigorev, E. and Habrard, M.C. and Hallewell, G. and Le Van Suu, A. and Martin, L. and Mekkaoui, A. and Monnier, E. and Mouthuy, T. and Nacasch, R. and Nagy, E. and Olivetto, C. and Pouit, L. and Qian, Z. and Raymond, M. and Rondot, C. and Rozanov, A. and Sauvage, D. and Tisserant, S. and Touchard, F. and Vacavant, L. and Haridas, P. and Osborne, L.S. and Paradiso, J.A. and Pless, I.A. and Taylor, F.E. and Wadsworth, B.F. and Fares, F. and Gorfine, G. and Moorhead, G.F. and Sevior, M.E. and Taylor, G.N. and Tovey, S.N. and Abolins, M. and Brock, R. and Bromberg, C. and Edmunds, D. and Gross, S. and Huston, J. and Linnemann, J. and Miller, R. and Owen, D. and Pope, B.G. and Richards, R. and Weerts, H. and Battistoni, G. and Bellini, G. and Camin, D. and Cavalli, D. and Costa, G. and Cozzi, L. and Di Corato, M. and D'Avella, A. and Fedyakin, N.N. and Ferrari, A. and Inzani, P. and Mandelli, L. and Mazzanti, M. and Menasce, D. and Moroni, L. and Pedrini, D. and Perasso, L. and Perini, L. and Ragusa, F. and Sala, P. and Sala, S. and Tartarelli, F. and Bogush, A.A. and Dazhneko, A.V. and Satsunkevich, I.S. and Sergeenko, M.N. and Zyazyulya, F.E. and Azuelos, G. and Beaudoin, G. and Castillo, A. and Cote, J.C. and Depommier, P. and Florian, E.L. and Leroy, C. and Lorazo, B. and Martin, J.-P. and Roy, P. and Savard, P. and Tafirout, R. and Trigger, I. and Zacek, V. and Artamonov, A. and Epstein, V. and Gorbunov, P. and Gurin, R. and Zhemanov, V. and Khovansky, V. and Kruchinin, S. and Kuchenkov, A. and Maslennikov, A. and Ryabinin, M. and Shatalov, P. and Tsukerman, I. and Zaitsev, V. and Zeldovich, S. and Baranov, S.P. and Belov, M. and Gavrilenko, I. and Komar, A. and Konovalov, S. and Kopytin, M. and Muravev, S. and Popov, L. and Shmeleva, A. and Shikanian, A. and Snesarev, A. and Sulin, V. and Tikhomirov, V. and Vasileva, L. and Yakimenko, M. and Bondarenko, V. and Dolgoshein, B. and Grigorev, V. and Kondratev, O. and Konstantinov, A. and Nevsky, P. and Pavlenko, S. and Romanyuk, A. and Semenov, S. and Smirnov, S. and Sosnovtsev, V. and Bashindzhagian, G.L. and Basiladze, S.G. and Chudakov, E.A. and Karmanov, D.E. and Kuleshov, A.V. and Kramarenko, V.A. and Larichev, A.N. and Melikhov, D.I. and Merkin, M.M. and Rizatdinova, F.K. and Selikov, A.V. and Sivoklokov, S.Yu. and Smirnova, L.N. and Zhukov, V.Yu. and Zverev, E.G. and Deile, M. and Faessler, M.A. and Hessey, N.P. and Staude, A. and Aderholz, M. and Brettel, H. and Breuker, H. and Cesura, G. and Dietl, H. and Dulny, B. and Dydak, F. and Fent, J. and Gruhn, C. and Hauff, D. and Jakobs, K. and Kiesling, C. and Kroha, H. and Lutz, G. and Manz, A. and Moser, H.G. and Oberlack, H. and Ostapchuk, A. and Richter, R.H. and Richter, R. and Schacht, P. and Schael, S. and Schmucker, H. and Tribanek, W. and Aloisio, A. and Alviggi, M.G. and Cevenini, F. and Chiefari, G. and De Asmundis, R. and Drago, E. and Merola, L. and Napolitano, M. and Patricelli, S. and Yoshida, H. and Bergman, R. and Brouwer, C. and Crijns, F.J.G.H. and Dijkema, J.A. and Kittel, W. and Klok, P.F. and Konig, A.C. and Metzger, W.J. and Pols, C.L.A. and Schotanus, D.J. and Visser, E.J. and Wijnen, T.A.M. and Sirotenko, V.I. and Batrakov, A. and Chilingarov, A. and Fedotov, M. and Gaponenko, I. and Klimenko, S. and Kollegov, M. and Kozlov, V. and Kuper, E. and Malyshev, V.M. and Merzlyakov, Yu. and Panin, V. and Shamov, A. and Telnov, V. and Tikhonov, Yu. and Velikzhanin, Yu. and Ardelean, J. and Arnault, C. and Auge, E. and Barrand, G. and Bouchel, M. and Breton, D. and Chase, R.L. and Chollet, C. and Coulon, J.P. and De La Taille, C. and Delebecque, P. and Ducorps, A. and Fayard, L. and Fournier, D. and Grivaz, J.F. and Hrisoho, A. and Iconomidou-Fayard, L. and Jean, P. and Lavigne, B. and Martin, G. and Merkel, B. and Noppe, J.M. and Parrour, G. and Petroff, P. and Richer, J.P. and Schaffer, A.C. and Seguin-Moreau, N. and Serin, L. and Tisserand, V. and Unal, G. and Veillet, J.J. and Vernay, E. and Vichou, I. and Bugge, L. and Buran, T. and Kristiansen, H. and Nygard, E. and Stapnes, S. and Bibby, J.H. and Brooks, C.B. and Harris, F.J. and Howell, D. and Fox-Murphy, A. and Grewal, A. and Hawes, B.M. and Hawkings, R.J. and Holmes, A. and Hunt, S.J. and Kundu, N. and Loken, J.G. and Nickerson, R.B. and Reichold, A. and Renton, P.B. and Segar, A.M. and Wastie, R.L. and Alexanian, H. and Baubillier, M. and Bezamat, J. and Billoir, P. and Blouzon, F. and Canton, B. and David, J. and Genat, J.F. and Imbault, D. and Le Dortz, O. and Nayman, P. and Rossel, F. and Savoy-Navarro, A. and Schwemling, P. and Ambrosini, G. and Cambiaghi, M. and Cattaneo, P. and Conta, C. and Ferrari, R. and Fraternali, M. and Fumagalli, G. and Introzzi, G.L. and Lanza, A. and Livan, M. and Orestano, D. and Pastore, F. and Pennacchio, E. and Polesello, G. and Rimoldi, A. and Vercesi, V. and Dressnandt, N. and Keener, P. and Newcomer, F.M. and Van Berg, R. and Williams, H.H. and Angelini, C. and Autiero, D. and Bellettini, G. and Bosi, F. and Cavasinni, V. and Cobal, M. and De Santo, A. and Del, PreteT. and Di Girolamo, B. and Flaminio, V. and Lami, S. and Lazzeroni, C. and Raffaelli, M. and Renzoni, G. and Cleland, W.E. and Clemen, M. and Bohm, J. and Gabor, P. and Hrivnac, J. and Lednicky, R. and Lokajicek, M. and Nemecek, S. and Sicho, P. and Simak, V. and Smizanska, M. and Stastny, J. and Stedron, M. and Vanickova, M. and Vrba, V. and Davidek, T. and Dolejsi, J. and Dolezal, Z. and Kucera, M. and Leitner, R. and Suk, M. and Tas, P. and Trka, Z. and Valkar, S. and Wilhelm, I. and Jakubek, J. and Kubasta, J. and Macha, I. and Ota, J. and Pospisil, S. and Sopko, B. and Amelin, D.V. and Ammosov, V.V. and Bogolyubsky, M.Yu. and Borisov, A.A. and Bozhko, N.I. and Bryzgalov, V.V. and Chekulaev, S.V. and Chernichenko, S.K. and Chuntonov, A. and Chmil, V. and Denisov, S.P. and Dushkin, A.Yu. and Gapienko, V.A. and Gilitsky, Yu.V. and Goryachev, V. and Karyukhin, A.N. and Khmelnikov, V.A. and Khokhlov, Yu.A. and Kirsanov, M.M. and Kiryunin, A.A. and Klyukhin, V. and Kopikov, S.V. and Kostrikov, M.E. and Kononov, A.I. and Korotkov, V.A. and Kozhin, A.S. and Kravtsov, V.I. and Kurchaninov, L.L. and Lapin, V.V. and Levitsky, M.L. and Mikhailin, V.N. and Moiseev, A.M. and Minaenko, A.A. and Myagkov, A.G. and Onuchin, V.A. and Pleskach, A.V. and Popov, A.I. and Protopopov, Yu.M. and Ryabchikov, D.I. and Salomatin, Yu.I. and Semenov, P.A. and Shein, I. and Soldatov, A.P. and Solodkov, A.A. and Solovyanov, O.V. and Smol, A. and Starchenko, E.A. and Surkov, A.N. and Sytnik, V.V. and Tikhonov, V.V. and Tsyupa, Yu. and Vorobev, A.P. and Vovenko, A.S. and Zaets, V.G. and Zaitsev, A.M. and Zmushko, V. and Caloba, L.P. and Maidantchik, C.L. and Marroquin, F. and Mesquita, A. and Seixas, J.M. and Thome, Z.D. and Broer, W. and Ferbel, T. and Ginther, G. and Glebov, V. and Haelen, T. and Lobkowicz, F. and Mansour, J. and Slattery, P. and Zielinski, M. and Cox, P.T. and Giokaris, N. and Khazins, D. and Alfino, M. and Bagnaia, P. and Camarri, P. and Ciapetti, G. and Falciano, S. and Gentile, S. and Lacava, F. and Nisati, A. and Petrolo, E. and Pontecorvo, L. and Veneziano, S. and Verzocchi, M. and Zanello, L. and Cardarelli, R. and Di Ciaccio, A. and Santonico, R. and Bacci, C. and Ceradini, F. and Apsey, R.Q. and Apsimon, R.J. and Baines, J.T. and Baynham, D.E. and Botterill, D.R. and Carr, F.S. and Clifft, R.W. and Coombs, R.C. and Cragg, D.A. and Cunliffe, N.H. and Dowdell, J.G. and Edgecock, T.R. and Edwards, J.P. and Edwards, M. and English, R.L. and Evans, E. and Fisher, S.M. and Gee, C.N.P. and Gibson, M.D. and Gillman, A.R. and Gorbold, J.R. and Greenhalgh, R.J.S. and Hart, J.C. and Hatley, R.W. and Haywood, S.J. and Hiddleston, J. and Hill, D.L. and Holtom, E. and Jones, L.L. and Leake, J.L. and Mccubbin, N.A. and McPhail, D.J. and Middleton, R.P. and Morrissey, M.C. and Murray, P. and Murray, W.J. and Nichols, A. and Norton, P.R. and Payne, B.T. and Perera, V.J.O. and Phillips, P.W. and Saunders, B.J. and Seller, P. and Shah, T.P. and Shankar, K. and Tappern, G.J. and Tyndel, M. and Walters, C.R. and White, D.J. and Wickens, F.J. and Baze, J.M. and Bernard, R. and Bourdinaud, M. and Brisson, J.C. and Bystricky, J. and Calvet, D. and Chevalier, L. and Cloue, O. and Convert, P. and Cure, C. and Dael, A. and Delagnes, E. and Desportes, H. and Djidi, K. and Duthil, R. and De Trogoff, J. and Ernwein, J. and Fourches, N. and Gachelin, O. and Giovannoni, P. and Gosset, L. and Guyot, C. and Hansl-Kozanecka, T. and Heitzmann, J. and Hubbard, J.R. and Huet, M. and Joudon, A. and Kozanecki, W. and Lamare, P. and Laporte, J.F. and Lavocat, P. and Lesmond, C. and Lottin, J.P. and Le Du, P. and Mandzhavidze, I. and Mansoulie, B. and Meyer, J.P. and Mur, M. and Pabot, Y. and Pascual, J. and Patoux, A. and Renardy, J.F. and Schuller, J.P. and Schune, P. and Schwindling, J. and Taguet, J.P. and Teiger, J. and Thooris, B. and Vedrine, P. and Veyssiere, C. and Virchaux, M. and Walter, C. and DeWitt, J. and Dorfan, D. and Grillo, A. and Litke, A. and Sadrozinski, H. and Seiden, A. and Spencer, E. and Booth, C.N. and Buttar, C.M. and Cartwright, S.L. and Combley, F.H. and Lehto, M.H. and Sellin, P.J. and Spooner, N.J.C. and Thompson, L.F. and Takeshita, T. and Gillessen, G. and Holder, M. and Kreutz, A. and Coan, T.E. and Skwarnicki, T. and Stroynowski, R. and Teplitz, V. and Agnvall, S. and Berglund, S. and Bohm, C. and Engstrom, M. and Hellman, S. and Holmgren, S.O. and Johansson, E. and Jon-And, K. and Sellden, B. and Tardell, S. and Yamdagni, N. and Zhao, X. and Agehed, K. and Carlson, P. and Eek, L.O. and Eide, A. and Hultberg, S. and Lindblad, T. and Lindsey, C. and Lund-Jensen, B. and Minerskjold, M. and Soderqvist, J. and Vanyashin, A. and Sukhorukov, A.V. and Konyakhin, I.A. and Fedin, O. and Ivochkin, V. and Nadtochy, A. and Ryabov, Yu. and Shchegelsky, V. and Smirnov, A.I. and Spiridenkov, E. and Alexiev, D. and Donnelly, I.J. and Varvell, K.E. and Williams, M.L. and Chikovani, L. and Gabuniya, L. and Gogiberidze, G. and Gogoladze, G. and Grigalashvili, T. and Khorguashvili, Z. and Kipiani, K. and Koshtoev, V. and Sopromadze, D. and Topchishvili, L. and Tskhadadze, E. and Tvalashvili, O. and Chiladze, B. and Khelashvili, A. and Khubua, Zh. and Liparteliani, A. and Salukvadze, R. and Abramowicz, H. and Alexander, G. and Bella, G. and Benary, O. and Dagan, S. and Levy, A. and Oren, Y. and Chouridou, S. and Eleftheriadis, C. and Liolios, A. and Petridou, C. and Sampsonidis, D. and Nakagawa, Y. and Yamagata, T. and Imori, M. and Kawamoto, T. and Kobayashi, T. and Mashimo, T. and Fukunaga, C. and Hamatsu, R. and Emura, T. and Bhadra, S. and Martin, J.F. and Mayer, J.K. and Orr, R.S. and Sinervo, P.K. and Stairs, G.G. and Astbury, A. and Birney, P. and Hodges, T. and Langstaff, R. and Oram, C. and Roberts, B. and Mann, A. and Milburn, R. and Napier, A. and Sliwa, Katrina and Arvidson, A. and Bingefors, N. and Brenner, R. and Botner, O. and Bystrom, O. and Ekelof, T. and Gustafsson, L. and Hallgren, A. and Kullander, S. and Downing, R.W. and Errede, D. and Errede, S. and Haney, M.J. and Simaitis, V.J. and Thaler, J. and Albiol, F. and Benlloch, J.M. and Cases, R. and Ferrer, A. and Fuster, J. and Garcia, C. and Honore, P.F. and Salt, J. and Sanchis, E. and Sanchis, M.A. and Sebastia, A. and Valls, J.A. and Velasco, J. and Axen, D. and Howard, R. and Beer, G. and Fincke-Keeler, M. and Keeler, R. and Lefebvre, M. and Poffenberger, P. and Robertson, L. and Robertson, S. and Sobie, R. and White, J. and Burnett, T.H. and Chaloupka, V. and Cook, V. and Daly, C. and Davisson, R. and Dennis, B. and Forbush, D. and Feng, Z.Y. and Franklin, J. and Lubatti, H.J. and Mockett, P.M. and Reinhall, P. and Rothberg, J. and Toevs, F. and Wasserbaech, S. and Zhao, T. and Barberio, E. and Breskin, A. and Chechik, R. and Duchovni, E. and Eisenberg, Y. and Gross, E. and Hass, M. and Karshon, U. and Lellouch, D. and Levinson, L. and Mikenberg, G. and Revel, D. and Gonzalez, S. and Jared, R.C. and Pan, Y.B. and Saadi, Y. and Schmitt, M. and Scott, I.J. and Wu, S.L. and Yamartino, J.M. and Zobernig, G. and Becks, K.H. and Drees, J. and Garg, M. and Glitza, K.W. and Hamacher, K. and Kersten, S. and Lenzen, G. and Middelkamp, P. and Uberschar, S. and Wahlen, H. and Hakopian, H. and Grabsky, V. and Vartapetian, A. and Mnatsakanian, E.},
  URL = {http://hal.in2p3.fr/in2p3-00011404},
  HAL_LOCAL_REFERENCE = {CERN-LHCC-94-43},
  PAGES = {1-289},
  YEAR = {1994},
  HAL_ID = {in2p3-00011404},
  HAL_VERSION = {v1},
}